<record xmlns="http://www.loc.gov/MARC21/slim" xmlns:xsi="http://www.w3.org/2001/XMLSchema-instance" xsi:schemaLocation="http://www.loc.gov/MARC21/slim http://www.loc.gov/standards/marcxml/schema/MARC21slim.xsd"><leader>00872cz   2200217n  4500</leader><controlfield tag="001">oca01852427 </controlfield><controlfield tag="003">OCoLC</controlfield><controlfield tag="005">20051018172602.0</controlfield><controlfield tag="008">870512n| acannaab           |a aaa      </controlfield><datafield ind1=" " ind2=" " tag="010"><subfield code="a">n  86120637 </subfield></datafield><datafield ind1=" " ind2=" " tag="040"><subfield code="a">DLC</subfield><subfield code="c">DLC</subfield><subfield code="d">DLC</subfield><subfield code="d">NIC</subfield></datafield><datafield ind1=" " ind2="0" tag="053"><subfield code="a">PA8445.W34</subfield></datafield><datafield ind1="0" ind2=" " tag="100"><subfield code="a">Walahfrid Strabo,</subfield><subfield code="d">807?-849</subfield></datafield><datafield ind1="0" ind2=" " tag="400"><subfield code="a">Walafrid Strabo,</subfield><subfield code="d">807?-849</subfield></datafield><datafield ind1="1" ind2=" " tag="400"><subfield code="a">Strabo, Walahfrid,</subfield><subfield code="d">807?-849</subfield></datafield><datafield ind1="0" ind2=" " tag="400"><subfield code="a">Walahfrid Strabus,</subfield><subfield code="d">807?-849</subfield></datafield><datafield ind1=" " ind2=" " tag="670"><subfield code="a">His Visio Wettini, 1986:</subfield><subfield code="b">t.p. (Walahfrid Strabo)</subfield></datafield><datafield ind1=" " ind2=" " tag="670"><subfield code="a">LC data base, 5-7-87</subfield><subfield code="b">(hdg.: Walahfrid Strabo, 807?-849)</subfield></datafield><datafield ind1=" " ind2=" " tag="670"><subfield code="a">Manitius, M. Gesch. d. lat. Lit. d. Mittelalters, 1965</subfield><subfield code="b">(Walahfrid Strabo; b. ca. 808 or 809)</subfield></datafield><datafield ind1=" " ind2=" " tag="670"><subfield code="a">New cath. encyc., 1967</subfield><subfield code="b">(Walafrid Strabo, the "Squinter" abbot, Carolingian renaissance scholar; b. ca. 808; d. 8-18-849)</subfield></datafield><datafield ind1=" " ind2=" " tag="670"><subfield code="a">Le petit jardin de Walahfrid Strabus, 1933:</subfield><subfield code="b">t.p.</subfield></datafield></record>